% ===========================================================================================
% BEGIN - MQO FOR RDBMS
% ===========================================================================================
% common subexpressions
@inproceedings{zhou2007efficient,
  title={Efficient exploitation of similar subexpressions for query processing},
  author={Zhou, Jingren and Larson, Per-Ake and Freytag, Johann-Christoph and Lehner, Wolfgang},
  booktitle={Proceedings of the 2007 ACM SIGMOD international conference on Management of data},
  pages={533--544},
  year={2007},
  organization={ACM}
}

@inproceedings{finkelstein1982common,
  title={Common expression analysis in database applications},
  author={Finkelstein, Sheldon},
  booktitle={Proceedings of the 1982 ACM SIGMOD international conference on Management of data},
  pages={235--245},
  year={1982},
  organization={ACM}
}

@inproceedings{roy2000efficient,
  title={Efficient and extensible algorithms for multi query optimization},
  author={Roy, Prasan and Seshadri, Srinivasan and Sudarshan, S and Bhobe, Siddhesh},
  booktitle={ACM SIGMOD Record},
  volume={29},
  number={2},
  pages={249--260},
  year={2000},
  organization={ACM}
}


% Materialized view
@inproceedings{goldstein2001optimizing,
  title={Optimizing queries using materialized views: a practical, scalable solution},
  author={Goldstein, Jonathan and Larson, Per-{\AA}ke},
  booktitle={ACM SIGMOD Record},
  volume={30},
  number={2},
  pages={331--342},
  year={2001},
  organization={ACM}
}
@inproceedings{mistry2001materialized,
  title={Materialized view selection and maintenance using multi-query optimization},
  author={Mistry, Hoshi and Roy, Prasan and Sudarshan, S and Ramamritham, Krithi},
  booktitle={ACM SIGMOD Record},
  volume={30},
  number={2},
  pages={307--318},
  year={2001},
  organization={ACM}
}




% BEGIN deterministic strategies
@inproceedings{agrawal2000automated,
  title={Automated Selection of Materialized Views and Indexes in SQL Databases.},
  author={Agrawal, Sanjay and Chaudhuri, Surajit and Narasayya, Vivek R},
  booktitle={VLDB},
  volume={2000},
  pages={496--505},
  year={2000}
}

@inproceedings{baril2003selection,
  title={Selection of materialized views: A cost-based approach},
  author={Baril, Xavier and Bellahsene, Zohra},
  booktitle={Advanced Information Systems Engineering},
  pages={665--680},
  year={2003},
  organization={Springer}
}


@inproceedings{roy2000efficient,
  title={Efficient and extensible algorithms for multi query optimization},
  author={Roy, Prasan and Seshadri, Srinivasan and Sudarshan, S and Bhobe, Siddhesh},
  booktitle={ACM SIGMOD Record},
  volume={29},
  number={2},
  pages={249--260},
  year={2000},
  organization={ACM}
}

@inproceedings{yang1997algorithms,
  title={Algorithms for materialized view design in data warehousing environment},
  author={Yang, Jian and Karlapalem, Kamalakar and Li, Qing},
  booktitle={VLDB},
  volume={97},
  pages={25--29},
  year={1997}
}
%END

% BEGIN randomized algorithms - genetic 
@inproceedings{chaves2009towards,
  title={Towards materialized view selection for distributed databases},
  author={Chaves, Leonardo Weiss F and Buchmann, Erik and Hueske, Fabian and B{\"o}hm, Klemens},
  booktitle={Proceedings of the 12th International Conference on Extending Database Technology: Advances in Database Technology},
  pages={1088--1099},
  year={2009},
  organization={ACM}
}

@article{lee2001speeding,
  title={Speeding up materialized view selection in data warehouses using a randomized algorithm},
  author={Lee, Minsoo and Hammer, Joachim},
  journal={International Journal of Cooperative Information Systems},
  volume={10},
  number={03},
  pages={327--353},
  year={2001},
  publisher={World Scientific}
}

@article{yu2003materialized,
  title={Materialized view selection as constrained evolutionary optimization},
  author={Yu, Jeffrey Xu and Yao, Xin and Choi, Chi-Hon and Gou, Gang},
  journal={Systems, Man, and Cybernetics, Part C: Applications and Reviews, IEEE Transactions on},
  volume={33},
  number={4},
  pages={458--467},
  year={2003},
  publisher={IEEE}
}

@incollection{zhang1999genetic,
  title={Genetic algorithm for materialized view selection in data warehouse environments},
  author={Zhang, Chuan and Yang, Jian},
  booktitle={DataWarehousing and Knowledge Discovery},
  pages={116--125},
  year={1999},
  publisher={Springer}
}
% END

% BEGIN randomized algorithms - simulated annealing
@inproceedings{derakhshan2006simulated,
  title={Simulated Annealing for Materialized View Selection in Data Warehousing Environment.},
  author={Derakhshan, Roozbeh and Dehne, Frank KHA and Korn, Othmar and Stantic, Bela},
  booktitle={Databases and applications},
  pages={89--94},
  year={2006}
}

@incollection{derakhshan2008parallel,
  title={Parallel simulated annealing for materialized view selection in data warehousing environments},
  author={Derakhshan, Roozbeh and Stantic, Bela and Korn, Othmar and Dehne, Frank},
  booktitle={Algorithms and architectures for parallel processing},
  pages={121--132},
  year={2008},
  publisher={Springer}
}

@article{kalnis2002view,
  title={View selection using randomized search},
  author={Kalnis, Panos and Mamoulis, Nikos and Papadias, Dimitris},
  journal={Data \& Knowledge Engineering},
  volume={42},
  number={1},
  pages={89--111},
  year={2002},
  publisher={Elsevier}
}
% END

% BEGIN hybrid alg
@article{zhang2001evolutionary,
  title={An evolutionary approach to materialized views selection in a data warehouse environment},
  author={Zhang, Chuan and Yao, Xin and Yang, Jian},
  journal={Systems, Man, and Cybernetics, Part C: Applications and Reviews, IEEE Transactions on},
  volume={31},
  number={3},
  pages={282--294},
  year={2001},
  publisher={IEEE}
}
% END

% BEGIN constraint satisfaction alg
@inproceedings{mami2011modeling,
  title={Modeling view selection as a constraint satisfaction problem},
  author={Mami, Imene and Coletta, Remi and Bellahsene, Zohra},
  booktitle={Database and Expert Systems Applications},
  pages={396--410},
  year={2011},
  organization={Springer}
}
% END

% END - MQO FOR RDBMS
% **********************************************************************************************************


% ===========================================================================================
% BEGIN - MQO FOR MAPREDUCE
% ===========================================================================================

% MPP
@article{el2015optimization,
  title={Optimization of common table expressions in MPP database systems},
  author={El-Helw, Amr and Raghavan, Venkatesh and Soliman, Mohamed A and Caragea, George and Gu, Zhongxian and Petropoulos, Michalis},
  journal={Proceedings of the VLDB Endowment},
  volume={8},
  number={12},
  pages={1704--1715},
  year={2015},
  publisher={VLDB Endowment}
}

% Microsoft SCOPE
@inproceedings{silva2012exploiting,
  title={Exploiting common subexpressions for cloud query processing},
  author={Silva, Yasin N and Larson, Per-Ake and Zhou, Jingren},
  booktitle={Data Engineering (ICDE), 2012 IEEE 28th International Conference on},
  pages={1337--1348},
  year={2012},
  organization={IEEE}
}


% MapReduce
@article{mrshare,
 author = {Nykiel, Tomasz and Potamias, Michalis and Mishra, Chaitanya and Kollios, George and Koudas, Nick},
 title = {MRShare2: Sharing Across Multiple Queries in MapReduce},
 journal = {Proc. VLDB Endow.},
 issue_date = {September 2010},
 volume = {3},
 number = {1-2},
 month = sep,
 year = {2010},
 issn = {2150-8097},
 pages = {494--505},
 numpages = {12},
 url = {http://dx.doi.org/10.14778/1920841.1920906},
 doi = {10.14778/1920841.1920906},
 acmid = {1920906},
 publisher = {VLDB Endowment},
}

@article{mqo,
 author = {Wang, Guoping and Chan, Chee-Yong},
 title = {Multi-query Optimization in MapReduce Framework},
 journal = {Proc. VLDB Endow.},
 issue_date = {November 2013},
 volume = {7},
 number = {3},
 month = nov,
 year = {2013},
 issn = {2150-8097},
 pages = {145--156},
 numpages = {12},
 url = {http://dx.doi.org/10.14778/2732232.2732234},
 doi = {10.14778/2732232.2732234},
 acmid = {2732234},
 publisher = {VLDB Endowment},
}

@article{agrawal2008scheduling,
  title={Scheduling shared scans of large data files},
  author={Agrawal, Parag and Kifer, Daniel and Olston, Christopher},
  journal={Proceedings of the VLDB Endowment},
  volume={1},
  number={1},
  pages={958--969},
  year={2008},
  publisher={VLDB Endowment}
}

@inproceedings{bhatotia2011incoop,
  title={Incoop: MapReduce for incremental computations},
  author={Bhatotia, Pramod and Wieder, Alexander and Rodrigues, Rodrigo and Acar, Umut A and Pasquin, Rafael},
  booktitle={Proceedings of the 2nd ACM Symposium on Cloud Computing},
  pages={7},
  year={2011},
  organization={ACM}
}

@article{elghandour2012restore,
  title={ReStore: reusing results of MapReduce jobs},
  author={Elghandour, Iman and Aboulnaga, Ashraf},
  journal={Proceedings of the VLDB Endowment},
  volume={5},
  number={6},
  pages={586--597},
  year={2012},
  publisher={VLDB Endowment}
}

@inproceedings{li2011platform,
  title={A platform for scalable one-pass analytics using MapReduce},
  author={Li, Boduo and Mazur, Edward and Diao, Yanlei and McGregor, Andrew and Shenoy, Prashant},
  booktitle={Proceedings of the 2011 ACM SIGMOD International Conference on Management of data},
  pages={985--996},
  year={2011},
  organization={ACM}
}

@article{li2012scalla,
  title={SCALLA: a platform for scalable one-pass analytics using MapReduce},
  author={Li, Boduo and Mazur, Edward and Diao, Yanlei and McGregor, Andrew and Shenoy, Prashant},
  journal={ACM Transactions on Database Systems (TODS)},
  volume={37},
  number={4},
  pages={27},
  year={2012},
  publisher={ACM}
}
% END - MQO FOR MAPREDUCE
% **********************************************************************************************************

% ===========================================================================================
% BEGIN - General-purpose cluster processing frameworks
% ===========================================================================================
@article{dean2008mapreduce,
  title={MapReduce: simplified data processing on large clusters},
  author={Dean, Jeffrey and Ghemawat, Sanjay},
  journal={Communications of the ACM},
  volume={51},
  number={1},
  pages={107--113},
  year={2008},
  publisher={ACM}
}

@inproceedings{isard2007dryad,
  title={Dryad: distributed data-parallel programs from sequential building blocks},
  author={Isard, Michael and Budiu, Mihai and Yu, Yuan and Birrell, Andrew and Fetterly, Dennis},
  booktitle={ACM SIGOPS Operating Systems Review},
  volume={41},
  number={3},
  pages={59--72},
  year={2007},
  organization={ACM}
}

@inproceedings{zaharia2012resilient,
  title={Resilient distributed datasets: A fault-tolerant abstraction for in-memory cluster computing},
  author={Zaharia, Matei and Chowdhury, Mosharaf and Das, Tathagata and Dave, Ankur and Ma, Justin and McCauley, Murphy and Franklin, Michael J and Shenker, Scott and Stoica, Ion},
  booktitle={Proceedings of the 9th USENIX conference on Networked Systems Design and Implementation},
  pages={2--2},
  year={2012},
  organization={USENIX Association}
}

% END - General-purpose cluster processing frameworks
% **********************************************************************************************************

% ===========================================================================================
% BEGIN - MISC
% ===========================================================================================
@inproceedings{tachyon,
 author = {Li, Haoyuan and Ghodsi, Ali and Zaharia, Matei and Shenker, Scott and Stoica, Ion},
 title = {Tachyon: Reliable, Memory Speed Storage for Cluster Computing Frameworks},
 booktitle = {Proceedings of the ACM Symposium on Cloud Computing},
 series = {SOCC '14},
 year = {2014},
 isbn = {978-1-4503-3252-1},
 location = {Seattle, WA, USA},
 pages = {6:1--6:15},
 articleno = {6},
 numpages = {15},
 url = {http://doi.acm.org/10.1145/2670979.2670985},
 doi = {10.1145/2670979.2670985},
 acmid = {2670985},
 publisher = {ACM},
 address = {New York, NY, USA},
}

@misc{hdfs,
	author = "Apache",
	title = "HDFS Storage Policies",
	note={\url{https://hadoop.apache.org/docs/r2.7.1/hadoop-project-dist/hadoop-hdfs/ArchivalStorage.html}}
}

@misc{tpcds,
	title = "TPC. TPC-DS Benchmark",
	note={\url{http://www.tpc.org/tpcds/}}
}

@misc{sparksqlperf,
	title = "Spark SQL Performance Test",
	note={\url{https://github.com/databricks/spark-sql-perf}}
}

@inproceedings{sparksql,
  title={Spark SQL: Relational data processing in Spark},
  author={Armbrust, Michael and Xin, Reynold S and Lian, Cheng and Huai, Yin and Liu, Davies and Bradley, Joseph K and Meng, Xiangrui and Kaftan, Tomer and Franklin, Michael J and Ghodsi, Ali and others},
  booktitle={Proceedings of the 2015 ACM SIGMOD International Conference on Management of Data},
  pages={1383--1394},
  year={2015},
  organization={ACM}
}

@inproceedings{gunda2010nectar,
  title={Nectar: Automatic Management of Data and Computation in Datacenters.},
  author={Gunda, Pradeep Kumar and Ravindranath, Lenin and Thekkath, Chandramohan A and Yu, Yuan and Zhuang, Li},
  booktitle={OSDI},
  volume={10},
  pages={1--8},
  year={2010}
}

% END - MISC
% **********************************************************************************************************